{
  "timestamp": "2024-11-30T14:48:58.606044",
  "symbol": "WADU_USDT",
  "ticker": {
    "code": 0,
    "result": {
      "lastPrice": "0.00058101",
      "highPrice": "0.00074962",
      "lowPrice": "0.00012874",
      "volume": "164504151.07",
      "buy": "0.00057041",
      "sell": "0.00063905",
      "priceChange": "-21.09",
      "priceChangePercent": "-21.09"
    }
  },
  "orderbook": {
    "bids": [
      [
        "0.00057041",
        "6225.53"
      ],
      [
        "0.00055301",
        "5479.07"
      ],
      [
        "0.00054836",
        "8289.82"
      ],
      [
        "0.0005",
        "136679.59"
      ],
      [
        "0.00049146",
        "12123.01"
      ],
      [
        "0.00048104",
        "10681.45"
      ],
      [
        "0.00043792",
        "7683.45"
      ],
      [
        "0.0004335",
        "10527.35"
      ],
      [
        "0.00035003",
        "90000"
      ],
      [
        "0.00035",
        "2535482.26"
      ],
      [
        "0.00033406",
        "149673.71"
      ],
      [
        "0.00033",
        "890466.96"
      ],
      [
        "0.00032345",
        "1664776.62"
      ],
      [
        "0.00032",
        "46875"
      ],
      [
        "0.00012874",
        "69863.19"
      ],
      [
        "0.00012764",
        "82392.93"
      ],
      [
        "0.00012645",
        "138302.7"
      ],
      [
        "0.00012542",
        "89333.15"
      ],
      [
        "0.00012431",
        "130578.22"
      ],
      [
        "0.00012",
        "87281.43"
      ],
      [
        "0.0001191",
        "121201.45"
      ],
      [
        "0.00011791",
        "84469.9"
      ],
      [
        "0.0001",
        "84891.45"
      ],
      [
        "0.00009906",
        "140123.27"
      ],
      [
        "0.00009831",
        "132323.65"
      ],
      [
        "0.00009739",
        "114602.34"
      ],
      [
        "0.00009661",
        "111001.13"
      ],
      [
        "0.00009584",
        "125185.39"
      ],
      [
        "0.00009488",
        "148404.79"
      ],
      [
        "0.00009413",
        "145448.41"
      ],
      [
        "0.00009",
        "134586.01"
      ],
      [
        "0.00008953",
        "136238.78"
      ],
      [
        "0.00008877",
        "121661.18"
      ],
      [
        "0.00008821",
        "100896.49"
      ],
      [
        "0.00008759",
        "135083.2"
      ],
      [
        "0.00008688",
        "137253.5"
      ],
      [
        "0.00008606",
        "114324.25"
      ],
      [
        "0.00008561",
        "88333.26"
      ],
      [
        "0.00008515",
        "146589.07"
      ],
      [
        "0.000085",
        "126712.36"
      ],
      [
        "0.00008429",
        "149323.74"
      ],
      [
        "0.00008345",
        "94292.08"
      ],
      [
        "0.00008295",
        "148446.45"
      ],
      [
        "0.0000721",
        "85716.99"
      ],
      [
        "0.00007172",
        "83772.21"
      ],
      [
        "0.00007101",
        "114366.9"
      ],
      [
        "0.00007031",
        "138158.39"
      ],
      [
        "0.00007014",
        "81316.07"
      ],
      [
        "0.00006999",
        "112841.32"
      ],
      [
        "0.00006985",
        "114885.44"
      ],
      [
        "0.00006976",
        "108511.93"
      ],
      [
        "0.00006936",
        "111276.24"
      ],
      [
        "0.00006935",
        "108698.96"
      ],
      [
        "0.00006905",
        "108061.85"
      ],
      [
        "0.00006898",
        "164944.88"
      ],
      [
        "0.00006896",
        "119158.83"
      ],
      [
        "0.00006882",
        "103301.22"
      ],
      [
        "0.00006827",
        "111339.72"
      ],
      [
        "0.00006812",
        "175337.14"
      ],
      [
        "0.00006765",
        "152644.65"
      ],
      [
        "0.00006726",
        "127802.99"
      ],
      [
        "0.00006678",
        "128702.44"
      ],
      [
        "0.00006674",
        "81345.38"
      ],
      [
        "0.00006624",
        "107340.46"
      ],
      [
        "0.00006601",
        "98390.31"
      ],
      [
        "0.00006541",
        "78613.42"
      ],
      [
        "0.000065",
        "160000"
      ],
      [
        "0.00006491",
        "123121.51"
      ],
      [
        "0.00006479",
        "123843.91"
      ],
      [
        "0.00006403",
        "126757.49"
      ],
      [
        "0.00006379",
        "158976.89"
      ],
      [
        "0.00006377",
        "165090.58"
      ],
      [
        "0.000055",
        "50000"
      ],
      [
        "0.000039",
        "20000"
      ],
      [
        "0.000027",
        "30000"
      ],
      [
        "0.000019",
        "20000"
      ],
      [
        "0.000015",
        "50000"
      ]
    ],
    "asks": [
      [
        "0.00063905",
        "2372671.76"
      ],
      [
        "0.00063906",
        "40000"
      ],
      [
        "0.00070008",
        "5957.67"
      ],
      [
        "0.00071092",
        "5360.32"
      ],
      [
        "0.00072657",
        "4812.03"
      ],
      [
        "0.00077144",
        "1898.88"
      ],
      [
        "0.00077836",
        "7349.23"
      ],
      [
        "0.00078323",
        "5881.22"
      ],
      [
        "0.00081942",
        "7107.54"
      ],
      [
        "0.0009",
        "50957.53"
      ],
      [
        "0.00095",
        "625009.87"
      ],
      [
        "0.0009568",
        "1876923.08"
      ],
      [
        "0.00095812",
        "216525.37"
      ],
      [
        "0.00099859",
        "3520.83"
      ],
      [
        "0.00101",
        "11194.55"
      ],
      [
        "0.00101879",
        "16313.21"
      ],
      [
        "0.00102394",
        "3848.64"
      ],
      [
        "0.00102647",
        "12895.41"
      ],
      [
        "0.0010361",
        "20715.88"
      ],
      [
        "0.00103888",
        "24978.82"
      ],
      [
        "0.00104168",
        "12313.36"
      ],
      [
        "0.00107025",
        "3998.28"
      ],
      [
        "0.00107677",
        "3517.63"
      ],
      [
        "0.0011",
        "701785.72"
      ],
      [
        "0.00111717",
        "5353.23"
      ],
      [
        "0.0011282",
        "5030.96"
      ],
      [
        "0.00113205",
        "4583.86"
      ],
      [
        "0.001201",
        "297801.83"
      ],
      [
        "0.0012105",
        "747.37"
      ],
      [
        "0.00124454",
        "3537.5"
      ],
      [
        "0.00125448",
        "3409.05"
      ],
      [
        "0.00129228",
        "3592.52"
      ],
      [
        "0.00130401",
        "3104.99"
      ],
      [
        "0.00138817",
        "4156.26"
      ],
      [
        "0.00139375",
        "4024.31"
      ],
      [
        "0.00141434",
        "3297.02"
      ]
    ],
    "timestamp": 1732949339764
  },
  "trades": [
    {
      "amount": "937.88",
      "price": "0.00058101",
      "side": "sell",
      "timestamp": "1732948381546"
    },
    {
      "amount": "16273.52",
      "price": "0.00058101",
      "side": "sell",
      "timestamp": "1732947594533"
    },
    {
      "amount": "5783.43",
      "price": "0.0005833",
      "side": "sell",
      "timestamp": "1732947556053"
    },
    {
      "amount": "88671.65",
      "price": "0.00063906",
      "side": "sell",
      "timestamp": "1732942585548"
    },
    {
      "amount": "85688.45",
      "price": "0.00063937",
      "side": "buy",
      "timestamp": "1732942515501"
    },
    {
      "amount": "79654.41",
      "price": "0.00064062",
      "side": "sell",
      "timestamp": "1732942454525"
    },
    {
      "amount": "81589.71",
      "price": "0.00064031",
      "side": "sell",
      "timestamp": "1732942388800"
    },
    {
      "amount": "89841.64",
      "price": "0.00063937",
      "side": "buy",
      "timestamp": "1732942338291"
    },
    {
      "amount": "90385.46",
      "price": "0.00064093",
      "side": "sell",
      "timestamp": "1732942256044"
    },
    {
      "amount": "94246.74",
      "price": "0.00064093",
      "side": "sell",
      "timestamp": "1732942178699"
    },
    {
      "amount": "103433.78",
      "price": "0.00064156",
      "side": "sell",
      "timestamp": "1732942098445"
    },
    {
      "amount": "108697.64",
      "price": "0.00064031",
      "side": "buy",
      "timestamp": "1732942004560"
    },
    {
      "amount": "112959.42",
      "price": "0.00064062",
      "side": "sell",
      "timestamp": "1732941935180"
    },
    {
      "amount": "106072.92",
      "price": "0.00064062",
      "side": "sell",
      "timestamp": "1732941881173"
    },
    {
      "amount": "113644.58",
      "price": "0.00064",
      "side": "buy",
      "timestamp": "1732941809512"
    },
    {
      "amount": "104920.74",
      "price": "0.00064062",
      "side": "buy",
      "timestamp": "1732941761557"
    },
    {
      "amount": "100862.94",
      "price": "0.00064125",
      "side": "sell",
      "timestamp": "1732941705194"
    },
    {
      "amount": "108315.63",
      "price": "0.00064062",
      "side": "buy",
      "timestamp": "1732941651980"
    },
    {
      "amount": "102926.89",
      "price": "0.00064031",
      "side": "sell",
      "timestamp": "1732941573465"
    },
    {
      "amount": "97060.08",
      "price": "0.00064031",
      "side": "buy",
      "timestamp": "1732941499008"
    },
    {
      "amount": "98936.62",
      "price": "0.00064",
      "side": "buy",
      "timestamp": "1732941411138"
    },
    {
      "amount": "104930.47",
      "price": "0.00063875",
      "side": "sell",
      "timestamp": "1732941339185"
    },
    {
      "amount": "107769.88",
      "price": "0.00064031",
      "side": "sell",
      "timestamp": "1732941280165"
    },
    {
      "amount": "108562.48",
      "price": "0.00064062",
      "side": "sell",
      "timestamp": "1732941188263"
    },
    {
      "amount": "107304.2",
      "price": "0.00064062",
      "side": "sell",
      "timestamp": "1732941112944"
    },
    {
      "amount": "113100.56",
      "price": "0.00064062",
      "side": "sell",
      "timestamp": "1732941028626"
    },
    {
      "amount": "110484.1",
      "price": "0.00064062",
      "side": "sell",
      "timestamp": "1732940946582"
    },
    {
      "amount": "109968.51",
      "price": "0.00064156",
      "side": "buy",
      "timestamp": "1732940892984"
    },
    {
      "amount": "120027.87",
      "price": "0.00064218",
      "side": "sell",
      "timestamp": "1732940810299"
    },
    {
      "amount": "122299.31",
      "price": "0.00064218",
      "side": "sell",
      "timestamp": "1732940730664"
    },
    {
      "amount": "111593.99",
      "price": "0.00064187",
      "side": "sell",
      "timestamp": "1732940674600"
    },
    {
      "amount": "114760.48",
      "price": "0.00064156",
      "side": "buy",
      "timestamp": "1732940606593"
    },
    {
      "amount": "125447.04",
      "price": "0.00064125",
      "side": "buy",
      "timestamp": "1732940552542"
    },
    {
      "amount": "116445.54",
      "price": "0.00064156",
      "side": "sell",
      "timestamp": "1732940495186"
    },
    {
      "amount": "122436.3",
      "price": "0.00064125",
      "side": "buy",
      "timestamp": "1732940435589"
    },
    {
      "amount": "133261.05",
      "price": "0.00064125",
      "side": "buy",
      "timestamp": "1732940378671"
    },
    {
      "amount": "144310.43",
      "price": "0.00063937",
      "side": "buy",
      "timestamp": "1732940311177"
    },
    {
      "amount": "136026.87",
      "price": "0.00064031",
      "side": "buy",
      "timestamp": "1732940238738"
    },
    {
      "amount": "147836.85",
      "price": "0.00064031",
      "side": "buy",
      "timestamp": "1732940168753"
    },
    {
      "amount": "139077.65",
      "price": "0.00063968",
      "side": "sell",
      "timestamp": "1732940083941"
    },
    {
      "amount": "128385.43",
      "price": "0.00064",
      "side": "buy",
      "timestamp": "1732940018713"
    },
    {
      "amount": "126166.41",
      "price": "0.00064031",
      "side": "buy",
      "timestamp": "1732939961721"
    },
    {
      "amount": "119401.35",
      "price": "0.00064093",
      "side": "buy",
      "timestamp": "1732939869198"
    },
    {
      "amount": "113449.47",
      "price": "0.00064031",
      "side": "buy",
      "timestamp": "1732939779549"
    },
    {
      "amount": "115762.79",
      "price": "0.00064125",
      "side": "buy",
      "timestamp": "1732939690298"
    },
    {
      "amount": "109637.01",
      "price": "0.00064125",
      "side": "buy",
      "timestamp": "1732939600623"
    },
    {
      "amount": "104742.38",
      "price": "0.00064218",
      "side": "buy",
      "timestamp": "1732939544975"
    },
    {
      "amount": "103791.15",
      "price": "0.00064281",
      "side": "sell",
      "timestamp": "1732939449229"
    },
    {
      "amount": "97912.09",
      "price": "0.00064156",
      "side": "buy",
      "timestamp": "1732939389100"
    },
    {
      "amount": "107829.52",
      "price": "0.00064187",
      "side": "sell",
      "timestamp": "1732939332758"
    },
    {
      "amount": "91889.89",
      "price": "0.00064125",
      "side": "sell",
      "timestamp": "1732939270311"
    },
    {
      "amount": "91292.92",
      "price": "0.00064125",
      "side": "sell",
      "timestamp": "1732939189050"
    },
    {
      "amount": "94538.57",
      "price": "0.00064125",
      "side": "sell",
      "timestamp": "1732939136556"
    },
    {
      "amount": "98324.84",
      "price": "0.00064125",
      "side": "sell",
      "timestamp": "1732939060566"
    },
    {
      "amount": "96828.76",
      "price": "0.00064062",
      "side": "sell",
      "timestamp": "1732939000062"
    },
    {
      "amount": "97330.56",
      "price": "0.00064125",
      "side": "buy",
      "timestamp": "1732938911732"
    },
    {
      "amount": "107230.36",
      "price": "0.00064125",
      "side": "sell",
      "timestamp": "1732938838489"
    },
    {
      "amount": "102448.45",
      "price": "0.00064125",
      "side": "buy",
      "timestamp": "1732938754567"
    },
    {
      "amount": "105764.01",
      "price": "0.00063937",
      "side": "sell",
      "timestamp": "1732938683714"
    },
    {
      "amount": "116005.64",
      "price": "0.00063906",
      "side": "sell",
      "timestamp": "1732938620584"
    },
    {
      "amount": "117631.42",
      "price": "0.00064",
      "side": "buy",
      "timestamp": "1732938570559"
    },
    {
      "amount": "109019.78",
      "price": "0.00064031",
      "side": "buy",
      "timestamp": "1732938480068"
    },
    {
      "amount": "197311.17",
      "price": "0.00064062",
      "side": "sell",
      "timestamp": "1732938464730"
    },
    {
      "amount": "183643.15",
      "price": "0.00063843",
      "side": "sell",
      "timestamp": "1732938375682"
    },
    {
      "amount": "169752.28",
      "price": "0.00063718",
      "side": "buy",
      "timestamp": "1732938291076"
    },
    {
      "amount": "164709.19",
      "price": "0.0006375",
      "side": "buy",
      "timestamp": "1732938238464"
    },
    {
      "amount": "162278.49",
      "price": "0.0006375",
      "side": "sell",
      "timestamp": "1732938142686"
    },
    {
      "amount": "177707.28",
      "price": "0.00063656",
      "side": "buy",
      "timestamp": "1732938070705"
    },
    {
      "amount": "186309.09",
      "price": "0.00063687",
      "side": "buy",
      "timestamp": "1732938009293"
    },
    {
      "amount": "196412.41",
      "price": "0.00063656",
      "side": "buy",
      "timestamp": "1732937918101"
    },
    {
      "amount": "205224.48",
      "price": "0.00063625",
      "side": "sell",
      "timestamp": "1732937859456"
    },
    {
      "amount": "193123.94",
      "price": "0.00063531",
      "side": "sell",
      "timestamp": "1732937792634"
    },
    {
      "amount": "201485.55",
      "price": "0.00063687",
      "side": "sell",
      "timestamp": "1732937726622"
    },
    {
      "amount": "187571.83",
      "price": "0.00063812",
      "side": "sell",
      "timestamp": "1732937671109"
    },
    {
      "amount": "172146.39",
      "price": "0.00063843",
      "side": "buy",
      "timestamp": "1732937613109"
    },
    {
      "amount": "157211.2",
      "price": "0.00064031",
      "side": "buy",
      "timestamp": "1732937552165"
    },
    {
      "amount": "149659.69",
      "price": "0.00063812",
      "side": "sell",
      "timestamp": "1732937460952"
    },
    {
      "amount": "136378.9",
      "price": "0.00063781",
      "side": "buy",
      "timestamp": "1732937393579"
    },
    {
      "amount": "131810.3",
      "price": "0.00063656",
      "side": "buy",
      "timestamp": "1732937330068"
    },
    {
      "amount": "113666.15",
      "price": "0.00063718",
      "side": "buy",
      "timestamp": "1732937274412"
    },
    {
      "amount": "124986.59",
      "price": "0.00063781",
      "side": "sell",
      "timestamp": "1732937182398"
    },
    {
      "amount": "119703.42",
      "price": "0.00063812",
      "side": "sell",
      "timestamp": "1732937128882"
    },
    {
      "amount": "111519",
      "price": "0.00063937",
      "side": "sell",
      "timestamp": "1732937045007"
    },
    {
      "amount": "119036.75",
      "price": "0.00063937",
      "side": "buy",
      "timestamp": "1732936972571"
    },
    {
      "amount": "119221.74",
      "price": "0.00063906",
      "side": "buy",
      "timestamp": "1732936889798"
    },
    {
      "amount": "114376.79",
      "price": "0.00063968",
      "side": "buy",
      "timestamp": "1732936840222"
    },
    {
      "amount": "119157.1",
      "price": "0.00064031",
      "side": "buy",
      "timestamp": "1732936770632"
    },
    {
      "amount": "124982.27",
      "price": "0.00064125",
      "side": "sell",
      "timestamp": "1732936714565"
    },
    {
      "amount": "121069.25",
      "price": "0.00064031",
      "side": "buy",
      "timestamp": "1732936620601"
    },
    {
      "amount": "120324.87",
      "price": "0.00064093",
      "side": "sell",
      "timestamp": "1732936554046"
    },
    {
      "amount": "118728.65",
      "price": "0.00063937",
      "side": "buy",
      "timestamp": "1732936476272"
    },
    {
      "amount": "130278.17",
      "price": "0.00063937",
      "side": "sell",
      "timestamp": "1732936426010"
    },
    {
      "amount": "131859.66",
      "price": "0.0006375",
      "side": "buy",
      "timestamp": "1732936361981"
    },
    {
      "amount": "125709.8",
      "price": "0.0006375",
      "side": "buy",
      "timestamp": "1732936300536"
    },
    {
      "amount": "119355.45",
      "price": "0.00063843",
      "side": "buy",
      "timestamp": "1732936250486"
    },
    {
      "amount": "120868.19",
      "price": "0.00063781",
      "side": "sell",
      "timestamp": "1732936181537"
    },
    {
      "amount": "118809",
      "price": "0.00063781",
      "side": "sell",
      "timestamp": "1732936119296"
    },
    {
      "amount": "114898.64",
      "price": "0.00063843",
      "side": "buy",
      "timestamp": "1732936056144"
    },
    {
      "amount": "111320.8",
      "price": "0.00063781",
      "side": "buy",
      "timestamp": "1732935994234"
    },
    {
      "amount": "105360.15",
      "price": "0.00063875",
      "side": "sell",
      "timestamp": "1732935939988"
    }
  ],
  "market_info": {
    "symbol": "WADU_USDT",
    "status": "trading",
    "baseAsset": "WADU",
    "quoteAsset": "USDT",
    "baseAssetPrecision": 2,
    "quoteAssetPrecision": 8,
    "filters": [
      {
        "filterType": "PRICE_FILTER",
        "minPrice": "0",
        "maxPrice": "0"
      },
      {
        "filterType": "LOT_SIZE",
        "minQty": "0",
        "maxQty": "0"
      }
    ]
  }
}